<?xml version="1.0" encoding="UTF-8"?><record xmlns="http://www.loc.gov/MARC21/slim" xmlns:cinclude="http://apache.org/cocoon/include/1.0" xmlns:zs="http://www.loc.gov/zing/srw/">
  <leader>00737cz  a2200205n  4500</leader>
  <controlfield tag="001">n  86013601 </controlfield>
  <controlfield tag="003">DLC</controlfield>
  <controlfield tag="005">20130313090754.0</controlfield>
  <controlfield tag="008">870319n| azannaabn          |a aaa     c</controlfield>
  <datafield tag="010" ind1=" " ind2=" ">
    <subfield code="a">n  86013601 </subfield>
  </datafield>
  <datafield tag="035" ind1=" " ind2=" ">
    <subfield code="a">(OCoLC)oca01812242</subfield>
  </datafield>
  <datafield tag="040" ind1=" " ind2=" ">
    <subfield code="a">MoSU-L</subfield>
    <subfield code="b">eng</subfield>
    <subfield code="e">rda</subfield>
    <subfield code="c">DLC</subfield>
    <subfield code="d">DLC</subfield>
    <subfield code="d">OCoLC</subfield>
    <subfield code="d">DLC</subfield>
  </datafield>
  <datafield tag="046" ind1=" " ind2=" ">
    <subfield code="f">1838</subfield>
  </datafield>
  <datafield tag="100" ind1="1" ind2=" ">
    <subfield code="a">Hamel, F. Hargrave</subfield>
    <subfield code="q">(Felix Hargrave),</subfield>
    <subfield code="d">1838-</subfield>
  </datafield>
  <datafield tag="378" ind1=" " ind2=" ">
    <subfield code="q">Felix Hargrave</subfield>
  </datafield>
  <datafield tag="400" ind1="1" ind2=" ">
    <subfield code="w">nnea</subfield>
    <subfield code="a">Hamel, F. Hargrave</subfield>
    <subfield code="q">(Felix Hargrave),</subfield>
    <subfield code="d">b. 1838</subfield>
  </datafield>
  <datafield tag="400" ind1="1" ind2=" ">
    <subfield code="a">Hamel, Felix Hargrave,</subfield>
    <subfield code="d">1838-</subfield>
  </datafield>
  <datafield tag="670" ind1=" " ind2=" ">
    <subfield code="a">His International law in connexion with municipal statutes, 1863:</subfield>
    <subfield code="b">t.p. (F. Hargrave Hamel of the Inner Temple, barrister-at-law)</subfield>
  </datafield>
  <datafield tag="670" ind1=" " ind2=" ">
    <subfield code="a">MoSU-L/IL files</subfield>
    <subfield code="b">(hdg.: Hamel, Felix Hargrave de, b. 1838)</subfield>
  </datafield>
  <datafield tag="675" ind1=" " ind2=" ">
    <subfield code="a">DNB</subfield>
  </datafield>
</record>